
@incollection{ AgtBookNoMoney,
  author      = "Schummer, James and Vohra, Rakesh V.",
  title       = "Mechanism Design without Money",
  editor      = "Nisan and Roughgarden and Tardos and Vazirani",
  booktitle   = "Algorithmic Game Theory",
  publisher   = "Cambridge University Press",
  address     = "Cambridge",
  year        = 2007,
  chapter     = 10,
}

@incollection{ AgtBookMechDesignInto,
  author      = "Nisan, Noam",
  title       = "Introduction to Mechanism Design (for Computer Scientists)",
  editor      = "Nisan and Roughgarden and Tardos and Vazirani",
  booktitle   = "Algorithmic Game Theory",
  publisher   = "Cambridge University Press",
  address     = "Cambridge",
  year        = 2007,
  chapter     = 9,
}

@misc{ MattConversation,
  author = "Weinberg, Matt",
  title = "Personal Communication",
  year = "2018",
}
